@Article{Nakamoto2008,
  author = {Satoshi Nakamoto},
  title  = {Bitcoin: A Peer-to-Peer Electronic Cash System},
  year   = {2008},
  url    = {https://bitcoin.org/bitcoin.pdf},
}

@Book{Stroukal2021,
  author    = {Dominik Stroukal},
  publisher = {Praha: Grada Publishing},
  title     = {Bitcoin a jiné kryptopeníze budoucnosti},
  year      = {2021},
  edition   = {Třetí rozšířené vydání},
  isbn      = {978-80-271-1043-8},
}

@Electronic{History,
  howpublished = {Online},
  language     = {English},
  organization = {ICAEW},
  title        = {History of blockchain},
  url          = {https://www.icaew.com/technical/technology/blockchain-and-cryptoassets/blockchain-articles/what-is-blockchain/history},
}

@Book{Prusty2017,
  author    = {Narayan Prusty},
  editor    = {Stuti Srivastava},
  publisher = {Packt Publishing Ltd.},
  title     = {Building Blockchain Projects},
  year      = {2017},
  address   = {Livery Place 35 Livery Street Birmingham B3 2PB, UK},
  isbn      = {978-1-78712-214-7},
  month     = apr,
  eprint    = {https://github.com/BlockchainBooks/blockchainbooks.github.io#building-blockchain-projects-2017-download},
}

@Book{Antonopoulos2019,
  author    = {Andreas M. Antonopoulos},
  editor    = {Rachel Roumeliotis},
  publisher = {O’Reilly Media, Inc.},
  title     = {Mastering Ethereum},
  year      = {2019},
  isbn      = {978-1-491-97194-9},
  eprint    = {https://dl.ebooksworld.ir/motoman/Mastering_Ethereum_Andreas.M.Antonopoulos.www.EBooksWorld.ir.pdf},
}

@Electronic{Iredale2020,
  author       = {Gwyneth Iredale},
  howpublished = {online},
  language     = {English},
  month        = nov,
  organization = {101 Blockchains},
  title        = {History Of Blockchain Technology: A Detailed Guide},
  url          = {https://101blockchains.com/history-of-blockchain-timeline/},
  year         = {2020},
}

@Book{Burda2013,
  author    = {Karel Burda},
  editor    = {Marek Przybyla},
  publisher = {PROTISK},
  title     = {Aplikovaná kryptografie},
  year      = {2013},
  isbn      = {978-80-214-4612-0},
}

@Book{Antonopoulos2017,
  author    = {Andreas M. Antonopoulos},
  editor    = {Tim McGovern},
  publisher = {O’Reilly Media, Inc.},
  title     = {Mastering Bitcoin},
  year      = {2017},
  edition   = {2 nd},
  isbn      = {978-1-491-95438-6},
  eprint    = {https://www.pdfdrive.com/mastering-bitcoin-programming-the-open-blockchain-oreilly-2nd-edition-2017-d158112095.html},
}

@Electronic{Frankenfield2022,
  author       = {Jake Frankenfield},
  howpublished = {online},
  language     = {English},
  month        = mar,
  organization = {Investopedia},
  title        = {Private Key: What It Is, How It Works, Best Ways To Store},
  url          = {https://www.investopedia.com/terms/p/private-key.asp},
  year         = {2022},
}

@Electronic{Abrol2022,
  author       = {Ayushi Abrol},
  howpublished = {online},
  language     = {English},
  month        = sep,
  organization = {Blockchain Council},
  title        = {What Are Blockchain Nodes? Detailed Guide},
  url          = {https://www.blockchain-council.org/blockchain/blockchain-nodes/},
  year         = {2022},
}

@Electronic{introduction,
  howpublished = {online},
  language     = {English},
  organization = {PwC},
  title        = {Blockchain, a functional introduction},
  url          = {https://www.pwc.be/en/news-publications/insights/2017/blockchain-functional-introduction.html},
  timestamp    = {2022-11-17},
}

@Electronic{Frankenfield2021,
  author       = {Jake Frankenfield},
  howpublished = {online},
  language     = {English},
  month        = jul,
  organization = {Investopedia},
  title        = {Merkle Tree},
  url          = {https://www.investopedia.com/terms/m/merkle-tree.asp},
  year         = {2021},
}

@Book{Bashir2018,
  author    = {Imran Bashir},
  editor    = {Suzanne Coutinho},
  publisher = {Packt Publishing},
  title     = {Mastering Blockchain},
  year      = {2018},
  edition   = {2},
  isbn      = {978-1-78883-904-4},
  eprint    = {https://gnanavelrec.files.wordpress.com/2019/06/4_kchain_-_master_the_theoretical_and_technical_fo-2.pdf},
}

@Electronic{Weston2021,
  author       = {Georgia Weston},
  howpublished = {online},
  language     = {English},
  month        = dec,
  title        = {What Is Proof-Of-Stake (PoS)?},
  url          = {https://101blockchains.com/proof-of-stake/},
  year         = {2021},
}

@Electronic{Peters2021,
  author       = {Katelyn Peters},
  howpublished = {online},
  language     = {English},
  month        = jul,
  organization = {Investopedia},
  title        = {A History of Bitcoin Hard Forks},
  url          = {https://www.investopedia.com/tech/history-bitcoin-hard-forks/},
  year         = {2021},
}

@Electronic{Reiff2022,
  author       = {Nathan Reiff},
  howpublished = {online},
  language     = {English},
  month        = jul,
  organization = {Investopidia},
  title        = {What Was the First Cryptocurrency?},
  url          = {https://www.investopedia.com/tech/were-there-cryptocurrencies-bitcoin/},
  year         = {2022},
}

@Electronic{Frankenfield2023,
  author       = {Jake Frankenfield},
  howpublished = {online},
  language     = {English},
  month        = jan,
  organization = {Investopedia},
  title        = {Decentralized Applications (dApps): Definition, Uses, Pros and Cons},
  url          = {https://www.investopedia.com/terms/d/decentralized-applications-dapps.asp},
  year         = {2023},
}

@Electronic{FrankenfieldALT,
  author       = {Jake Frankenfield},
  howpublished = {online},
  language     = {English},
  month        = may,
  organization = {Investopedia},
  title        = {Altcoin Explained: Pros and Cons, Types, and Future},
  url          = {https://www.investopedia.com/terms/a/altcoin.asp},
  year         = {2022},
}

@Electronic{Kes2014,
  author       = {Kes47},
  howpublished = {online},
  language     = {english},
  month        = aug,
  organization = {Wikipedia},
  title        = {Graphical comparison of centralized and decentralized system},
  url          = {https://en.wikipedia.org/wiki/Decentralization#/media/File:Decentralization_diagram.svg},
  year         = {2014},
}

@Electronic{Sharma2023,
  author       = {Rakesh Sharma},
  howpublished = {online},
  language     = {English},
  month        = jan,
  organization = {Investopedia},
  title        = {Non-Fungible Token (NFT): What It Means and How It Works},
  url          = {https://www.investopedia.com/non-fungible-tokens-nft-5115211},
  year         = {2023},
}

@Comment{jabref-meta: databaseType:bibtex;}
